<record><leader>00000cas a2200000 a 4500</leader><controlfield tag="001">10666033</controlfield><controlfield tag="008">840426d18011803ctuwr ne      0   a0eng c</controlfield><datafield ind1=" " ind2=" " tag="010"><subfield code="a">sn 84025781 </subfield></datafield><datafield ind1=" " ind2=" " tag="040"><subfield code="a">NPV</subfield><subfield code="b">eng</subfield><subfield code="c">NPV</subfield><subfield code="d">NPU</subfield><subfield code="d">NPI</subfield><subfield code="d">NPA</subfield><subfield code="d">DLC</subfield><subfield code="d">KNP</subfield><subfield code="d">CNW</subfield><subfield code="d">NVK</subfield><subfield code="d">TGN</subfield><subfield code="d">OBN</subfield><subfield code="d">OCL</subfield><subfield code="d">CVF</subfield><subfield code="d">DLC</subfield><subfield code="d">GUA</subfield><subfield code="d">KRTAS</subfield><subfield code="d">DLC</subfield><subfield code="d">OCLCQ</subfield><subfield code="d">OCLCF</subfield><subfield code="d">OCLCO</subfield></datafield><datafield ind1=" " ind2=" " tag="042"><subfield code="a">pcc</subfield></datafield><datafield ind1=" " ind2=" " tag="043"><subfield code="a">n-us-ct</subfield></datafield><datafield ind1="0" ind2="0" tag="050"><subfield code="a">Newspaper</subfield></datafield><datafield ind1="0" ind2="4" tag="245"><subfield code="a">The patriot, or, Scourge of aristocracy :</subfield><subfield code="b">a weekly collection of Republican essays, and, articles of intelligence.</subfield></datafield><datafield ind1="3" ind2="0" tag="246"><subfield code="a">Scourge of aristocracy</subfield></datafield><datafield ind1="3" ind2="0" tag="246"><subfield code="a">Weekly collection of Republican essays, and, articles of intelligence</subfield></datafield><datafield ind1="1" ind2="6" tag="246"><subfield code="a">Patriot, &amp;c</subfield></datafield><datafield ind1=" " ind2=" " tag="260"><subfield code="a">Stonington-port [Stonington], Conn. :</subfield><subfield code="b">Printed by S. Trumbull,</subfield><subfield code="c">1801-1803.</subfield></datafield><datafield ind1=" " ind2=" " tag="300"><subfield code="a">v.</subfield></datafield><datafield ind1=" " ind2=" " tag="310"><subfield code="a">Weekly</subfield></datafield><datafield ind1="0" ind2=" " tag="362"><subfield code="a">Vol., 1, no. 1 (July 24, 1801)-v. 2, no. 1 (Feb. 11, 1803).</subfield></datafield><datafield ind1=" " ind2=" " tag="500"><subfield code="a">Vol. 1, no. 1 has caption title: Patriot, &amp;c.</subfield></datafield><datafield ind1=" " ind2=" " tag="515"><subfield code="a">Publication suspended Aug. 1802-Feb. 4, 1803.</subfield></datafield><datafield ind1=" " ind2=" " tag="530"><subfield code="a">Available on microform and online.</subfield></datafield><datafield ind1=" " ind2="0" tag="651"><subfield code="a">Stonington (Conn.)</subfield><subfield code="v">Newspapers.</subfield></datafield><datafield ind1=" " ind2="0" tag="651"><subfield code="a">New London County (Conn.)</subfield><subfield code="v">Newspapers.</subfield></datafield><datafield ind1=" " ind2="7" tag="655"><subfield code="a">Newspapers.</subfield><subfield code="2">fast</subfield><subfield code="0">(OCoLC)fst01423814</subfield></datafield><datafield ind1=" " ind2="7" tag="651"><subfield code="a">Connecticut</subfield><subfield code="z">New London County.</subfield><subfield code="2">fast</subfield><subfield code="0">(OCoLC)fst01221053</subfield></datafield><datafield ind1=" " ind2="7" tag="651"><subfield code="a">Connecticut</subfield><subfield code="z">Stonington.</subfield><subfield code="2">fast</subfield><subfield code="0">(OCoLC)fst01216240</subfield></datafield><datafield ind1=" " ind2=" " tag="752"><subfield code="a">United States</subfield><subfield code="b">Connecticut</subfield><subfield code="c">New London</subfield><subfield code="d">Stonington.</subfield></datafield><datafield ind1="1" ind2=" " tag="776"><subfield code="t">Patriot, or, Scourge of Aristocracy (Online)</subfield><subfield code="w">(DLC)  2008233509</subfield><subfield code="w">(OCoLC)55132648</subfield></datafield><datafield ind1="4" ind2="1" tag="856"><subfield code="u">http://proquest.umi.com/pqdweb</subfield></datafield><datafield ind1=" " ind2=" " tag="938"><subfield code="a">Kirtas Technologies, Inc.</subfield><subfield code="b">KRTS</subfield><subfield code="n">738385</subfield></datafield></record>